Account Name       :                	"Mrs. Ranjana Pandurang Ingale,Mr. ASHWIN  INGLE"								
Address            :	W/O Pandurang Ingale								
                                    	DIST-Uchanda								
                                    	DIST-Uchanda-425306								
                                    	Jalgaon								
Date               :                	09-Apr-24								
Account Number     :	_00000042390103428								
Account Description:	EB-RLMS HOME LOAN								
Branch             :	61066								
Balance on 9 Oct 2023        :	0								
Start Date          :	09-Oct-23								
End Date            :	09-Apr-24								
Txn Date	Value Date	Description	Ref No./Cheque No.	        Debit	Credit	Balance	Ideally	Principal	Interest
05-Apr-24	05-Apr-24	O.S. DEPOSIT TRAN-TRANSFER FROM                                                                                       TRANSFER FROM 31998616296                         Mr. ASHWIN  INGLE--	-	 	"19,600.00"	"-6,69,065.84"			
31-Mar-24	31-Mar-24	PART PERIOD INTER---	-	"4,625.00"	 	"-6,88,665.84"			
22-Mar-24	22-Mar-24	ADVANCE:LOAN TO G- NEFT SBIN224082181141 APAK BUSINESS           - P--	-	"1,00,000.00"	 	"-6,84,040.84"			
05-Mar-24	05-Mar-24	O.S. DEPOSIT TRAN-TRANSFER FROM                                                                                       TRANSFER FROM 31998616296                         Mr. ASHWIN  INGLE--	-	 	"19,600.00"	"-5,84,040.84"			
29-Feb-24	29-Feb-24	PART PERIOD INTER---	-	"3,496.00"	 	"-6,03,640.84"			
21-Feb-24	21-Feb-24	ADVANCE:LOAN TO G- NEFT SBIN124052080029 APAK BUSINESS           - P--	-	"1,50,000.00"	 	"-6,00,144.84"			
06-Feb-24	06-Feb-24	O.S. DEPOSIT TRAN-TRANSFER FROM                                                                                       TRANSFER FROM 31998616296                         Mr. ASHWIN  INGLE--	-	 	"19,600.00"	"-4,50,144.84"			
31-Jan-24	31-Jan-24	PART PERIOD INTER---	-	"3,504.00"	 	"-4,69,744.84"			
05-Jan-24	05-Jan-24	O.S. DEPOSIT TRAN-TRANSFER FROM                                                                                       TRANSFER FROM 31998616296                         Mr. ASHWIN  INGLE--	-	 	"19,600.00"	"-4,66,240.84"			
04-Jan-24	04-Jan-24	DEBIT ADJUSTMENT-30836 CERSAI FEE--	-	118	 	"-4,85,840.84"			
31-Dec-23	31-Dec-23	PART PERIOD INTER---	-	"3,024.00"	 	"-4,85,722.84"			
26-Dec-23	26-Dec-23	ADVANCE:LOAN TO G- NEFT SBIN223360371612 APAK BUSINESS           - P--	-	"1,00,000.00"	 	"-4,82,698.84"			
05-Dec-23	05-Dec-23	O.S. DEPOSIT TRAN-TRANSFER FROM                                                                                       TRANSFER FROM 31998616296                         Mr. ASHWIN  INGLE--	-	 	"19,600.00"	"-3,82,698.84"	"3,82,698.84"		
30-Nov-23	30-Nov-23	PART PERIOD INTER---	-	"2,417.00"	 	"-4,02,298.84"			
16-Nov-23	16-Nov-23	DEPOSIT TRANSFER-TR O/A/O CERSAI CHG                               00000000                                          TRANSFER FROM 31998616296                         Mr. ASHWIN  INGLE--	-	 	118	"-3,99,881.84"			
06-Nov-23	06-Nov-23	DEPOSIT TRANSFER-TR O/A/O CERSAI CHARGES / PROC FEE                00000000                                          TRANSFER FROM 31998616296                         Mr. ASHWIN  INGLE--	-	 	"3,408.00"	"-3,99,999.84"			
06-Nov-23	06-Nov-23	ADVANCE:LOAN TO G- NEFT SBIN123310859218 APAK BUSINESS INNOVATION- P--	-	"4,00,000.00"	 	"-4,03,407.84"			
29-Oct-23	29-Oct-23	PROCESSING FEE---	-	"3,407.84"	 	"-3,407.84"			
									
**This is a computer generated statement and does not require a signature									
